%YAML 1.1
%TAG !u! tag:unity3d.com,2011:
--- !u!1001 &100100000
Prefab:
  m_ObjectHideFlags: 1
  serializedVersion: 2
  m_Modification:
    m_TransformParent: {fileID: 0}
    m_Modifications: []
    m_RemovedComponents: []
  m_ParentPrefab: {fileID: 0}
  m_RootGameObject: {fileID: 1004262579560306}
  m_IsPrefabParent: 1
--- !u!1 &1004262579560306
GameObject:
  m_ObjectHideFlags: 0
  m_PrefabParentObject: {fileID: 0}
  m_PrefabInternal: {fileID: 100100000}
  serializedVersion: 5
  m_Component:
  - component: {fileID: 224547332872967798}
  - component: {fileID: 222580695031443524}
  - component: {fileID: 114996676622525360}
  - component: {fileID: 114307489200473664}
  - component: {fileID: 58647136276545696}
  - component: {fileID: 50401894982401132}
  - component: {fileID: 225905200925617614}
  - component: {fileID: 60126814629958152}
  - component: {fileID: 114353050795738202}
  m_Layer: 5
  m_Name: ExplosiveBomb
  m_TagString: Untagged
  m_Icon: {fileID: 0}
  m_NavMeshLayer: 0
  m_StaticEditorFlags: 0
  m_IsActive: 1
--- !u!50 &50401894982401132
Rigidbody2D:
  serializedVersion: 4
  m_ObjectHideFlags: 1
  m_PrefabParentObject: {fileID: 0}
  m_PrefabInternal: {fileID: 100100000}
  m_GameObject: {fileID: 1004262579560306}
  m_BodyType: 0
  m_Simulated: 1
  m_UseFullKinematicContacts: 0
  m_UseAutoMass: 0
  m_Mass: 1
  m_LinearDrag: 0
  m_AngularDrag: 0.05
  m_GravityScale: 0
  m_Material: {fileID: 0}
  m_Interpolate: 0
  m_SleepingMode: 1
  m_CollisionDetection: 0
  m_Constraints: 0
--- !u!58 &58647136276545696
CircleCollider2D:
  m_ObjectHideFlags: 1
  m_PrefabParentObject: {fileID: 0}
  m_PrefabInternal: {fileID: 100100000}
  m_GameObject: {fileID: 1004262579560306}
  m_Enabled: 1
  m_Density: 1
  m_Material: {fileID: 0}
  m_IsTrigger: 1
  m_UsedByEffector: 0
  m_Offset: {x: -0.14, y: -0.2}
  serializedVersion: 2
  m_Radius: 15.1
--- !u!60 &60126814629958152
PolygonCollider2D:
  m_ObjectHideFlags: 1
  m_PrefabParentObject: {fileID: 0}
  m_PrefabInternal: {fileID: 100100000}
  m_GameObject: {fileID: 1004262579560306}
  m_Enabled: 1
  m_Density: 1
  m_Material: {fileID: 0}
  m_IsTrigger: 1
  m_UsedByEffector: 0
  m_Offset: {x: 0, y: 0}
  m_Points:
    m_Paths:
    - - {x: -6.055687, y: 1.8177848}
      - {x: -5.042052, y: 2.593733}
      - {x: -3.1773374, y: 4.0378404}
      - {x: -0.83345664, y: 4.271608}
      - {x: 1.2763313, y: 3.6186981}
      - {x: 2.7111433, y: 2.6661081}
      - {x: 3.4222121, y: 4.051811}
      - {x: 4.908577, y: 3.8729548}
      - {x: 5.5966163, y: 3.1485455}
      - {x: 6.195591, y: 2.1982534}
      - {x: 6.0921807, y: 1.3796349}
      - {x: 4.3688235, y: 0.5730683}
      - {x: 4.603954, y: 0.07961887}
      - {x: 4.9052653, y: -1.3842716}
      - {x: 4.769493, y: -3.4859316}
      - {x: 4.0761657, y: -4.9711404}
      - {x: 3.1461432, y: -6.2403564}
      - {x: 1.0955081, y: -7.6217732}
      - {x: -2.2170594, y: -7.7742496}
      - {x: -5.114192, y: -6.388465}
      - {x: -6.3948307, y: -4.377204}
      - {x: -7.0808024, y: -2.5686505}
      - {x: -7.0352397, y: -0.9692369}
      - {x: -6.5294847, y: 0.51410973}
--- !u!114 &114307489200473664
MonoBehaviour:
  m_ObjectHideFlags: 1
  m_PrefabParentObject: {fileID: 0}
  m_PrefabInternal: {fileID: 100100000}
  m_GameObject: {fileID: 1004262579560306}
  m_Enabled: 1
  m_EditorHideFlags: 0
  m_Script: {fileID: -765806418, guid: f70555f144d8491a825f0804e09c671c, type: 3}
  m_Name: 
  m_EditorClassIdentifier: 
  m_Material: {fileID: 0}
  m_Color: {r: 1, g: 1, b: 1, a: 1}
  m_RaycastTarget: 1
  m_OnCullStateChanged:
    m_PersistentCalls:
      m_Calls: []
    m_TypeName: UnityEngine.UI.MaskableGraphic+CullStateChangedEvent, UnityEngine.UI,
      Version=1.0.0.0, Culture=neutral, PublicKeyToken=null
  m_Sprite: {fileID: 21300000, guid: 66791bcf563d7424f94c838128e6b1c7, type: 3}
  m_Type: 0
  m_PreserveAspect: 0
  m_FillCenter: 1
  m_FillMethod: 4
  m_FillAmount: 1
  m_FillClockwise: 1
  m_FillOrigin: 0
--- !u!114 &114353050795738202
MonoBehaviour:
  m_ObjectHideFlags: 1
  m_PrefabParentObject: {fileID: 0}
  m_PrefabInternal: {fileID: 100100000}
  m_GameObject: {fileID: 1004262579560306}
  m_Enabled: 1
  m_EditorHideFlags: 0
  m_Script: {fileID: 11500000, guid: c064c943aac5e7046a497aec8cc1ccf7, type: 3}
  m_Name: 
  m_EditorClassIdentifier: 
  rb2d: {fileID: 0}
  pc2d: {fileID: 0}
  startPosition: {x: 0, y: 0, z: 0}
  activated: 0
--- !u!114 &114996676622525360
MonoBehaviour:
  m_ObjectHideFlags: 1
  m_PrefabParentObject: {fileID: 0}
  m_PrefabInternal: {fileID: 100100000}
  m_GameObject: {fileID: 1004262579560306}
  m_Enabled: 1
  m_EditorHideFlags: 0
  m_Script: {fileID: 11500000, guid: 768f465e7ab6f64488ca3f7f433f2096, type: 3}
  m_Name: 
  m_EditorClassIdentifier: 
  ExplosionGo: {fileID: 1432965111670728, guid: fd31ab0de2f1ba140a85efe549e8fa88,
    type: 2}
--- !u!222 &222580695031443524
CanvasRenderer:
  m_ObjectHideFlags: 1
  m_PrefabParentObject: {fileID: 0}
  m_PrefabInternal: {fileID: 100100000}
  m_GameObject: {fileID: 1004262579560306}
--- !u!224 &224547332872967798
RectTransform:
  m_ObjectHideFlags: 1
  m_PrefabParentObject: {fileID: 0}
  m_PrefabInternal: {fileID: 100100000}
  m_GameObject: {fileID: 1004262579560306}
  m_LocalRotation: {x: -0, y: -0, z: -0, w: 1}
  m_LocalPosition: {x: 0, y: 0, z: -0.000117337855}
  m_LocalScale: {x: 2, y: 2, z: 1}
  m_Children: []
  m_Father: {fileID: 0}
  m_RootOrder: 0
  m_LocalEulerAnglesHint: {x: 0, y: 0, z: 0}
  m_AnchorMin: {x: 0, y: 0}
  m_AnchorMax: {x: 0, y: 0}
  m_AnchoredPosition: {x: 0, y: 0}
  m_SizeDelta: {x: 0, y: 0}
  m_Pivot: {x: 0.5, y: 0.5}
--- !u!225 &225905200925617614
CanvasGroup:
  m_ObjectHideFlags: 1
  m_PrefabParentObject: {fileID: 0}
  m_PrefabInternal: {fileID: 100100000}
  m_GameObject: {fileID: 1004262579560306}
  m_Enabled: 1
  m_Alpha: 1
  m_Interactable: 1
  m_BlocksRaycasts: 1
  m_IgnoreParentGroups: 0
