%YAML 1.1
%TAG !u! tag:unity3d.com,2011:
--- !u!1001 &100100000
Prefab:
  m_ObjectHideFlags: 1
  serializedVersion: 2
  m_Modification:
    m_TransformParent: {fileID: 0}
    m_Modifications: []
    m_RemovedComponents: []
  m_ParentPrefab: {fileID: 0}
  m_RootGameObject: {fileID: 1926185823732864}
  m_IsPrefabParent: 1
--- !u!1 &1764037091739646
GameObject:
  m_ObjectHideFlags: 0
  m_PrefabParentObject: {fileID: 0}
  m_PrefabInternal: {fileID: 100100000}
  serializedVersion: 5
  m_Component:
  - component: {fileID: 224030070409146002}
  - component: {fileID: 222068528349896008}
  - component: {fileID: 114559098850147744}
  - component: {fileID: 61880355986863668}
  - component: {fileID: 50626454864692412}
  - component: {fileID: 233484060053470604}
  m_Layer: 8
  m_Name: Tahterevalli_Plank
  m_TagString: Untagged
  m_Icon: {fileID: 0}
  m_NavMeshLayer: 0
  m_StaticEditorFlags: 0
  m_IsActive: 1
--- !u!1 &1926185823732864
GameObject:
  m_ObjectHideFlags: 0
  m_PrefabParentObject: {fileID: 0}
  m_PrefabInternal: {fileID: 100100000}
  serializedVersion: 5
  m_Component:
  - component: {fileID: 224059447455046974}
  - component: {fileID: 222738517171949352}
  - component: {fileID: 114945150596990150}
  - component: {fileID: 60942058800872378}
  - component: {fileID: 50283908812734604}
  - component: {fileID: 61217551630578574}
  - component: {fileID: 114263621554432194}
  - component: {fileID: 225564009987028004}
  m_Layer: 8
  m_Name: Tahterevalli
  m_TagString: Untagged
  m_Icon: {fileID: 0}
  m_NavMeshLayer: 0
  m_StaticEditorFlags: 0
  m_IsActive: 1
--- !u!50 &50283908812734604
Rigidbody2D:
  serializedVersion: 4
  m_ObjectHideFlags: 1
  m_PrefabParentObject: {fileID: 0}
  m_PrefabInternal: {fileID: 100100000}
  m_GameObject: {fileID: 1926185823732864}
  m_BodyType: 2
  m_Simulated: 1
  m_UseFullKinematicContacts: 0
  m_UseAutoMass: 0
  m_Mass: 1
  m_LinearDrag: 0
  m_AngularDrag: 0.05
  m_GravityScale: 0
  m_Material: {fileID: 0}
  m_Interpolate: 0
  m_SleepingMode: 1
  m_CollisionDetection: 0
  m_Constraints: 0
--- !u!50 &50626454864692412
Rigidbody2D:
  serializedVersion: 4
  m_ObjectHideFlags: 1
  m_PrefabParentObject: {fileID: 0}
  m_PrefabInternal: {fileID: 100100000}
  m_GameObject: {fileID: 1764037091739646}
  m_BodyType: 0
  m_Simulated: 1
  m_UseFullKinematicContacts: 0
  m_UseAutoMass: 0
  m_Mass: 0.001
  m_LinearDrag: 0
  m_AngularDrag: 0.05
  m_GravityScale: 0
  m_Material: {fileID: 0}
  m_Interpolate: 0
  m_SleepingMode: 1
  m_CollisionDetection: 0
  m_Constraints: 0
--- !u!60 &60942058800872378
PolygonCollider2D:
  m_ObjectHideFlags: 1
  m_PrefabParentObject: {fileID: 0}
  m_PrefabInternal: {fileID: 100100000}
  m_GameObject: {fileID: 1926185823732864}
  m_Enabled: 1
  m_Density: 1
  m_Material: {fileID: 0}
  m_IsTrigger: 1
  m_UsedByEffector: 0
  m_Offset: {x: 0, y: 0}
  m_Points:
    m_Paths:
    - - {x: 0, y: 1}
      - {x: 0.95105654, y: 0.30901697}
      - {x: 0.5877852, y: -0.80901706}
      - {x: -0.58778536, y: -0.80901694}
      - {x: -20.15348, y: 0.09322654}
      - {x: -20.013527, y: 10.095527}
      - {x: -19.887, y: 11.401572}
      - {x: -19.303486, y: 12.698265}
      - {x: -18.71171, y: 13.710095}
      - {x: -17.932627, y: 14.524591}
      - {x: -16.873146, y: 15.476495}
      - {x: -15.311341, y: 16.482052}
      - {x: -13.250996, y: 17.582361}
      - {x: -11.3312435, y: 18.258545}
      - {x: -9.255606, y: 18.922663}
      - {x: -9.041152, y: 18.934464}
      - {x: -6.429504, y: 19.491922}
      - {x: -3.0899146, y: 19.86665}
      - {x: -1.1080045, y: 20.001633}
      - {x: 2.4274993, y: 19.928226}
      - {x: 4.8271036, y: 19.698551}
      - {x: 6.9545236, y: 19.359648}
      - {x: 8.397572, y: 19.153719}
      - {x: 10.789996, y: 18.46312}
      - {x: 14.209201, y: 17.21787}
      - {x: 16.548712, y: 15.761724}
      - {x: 18.64058, y: 13.999976}
      - {x: 19.779774, y: 12.12962}
      - {x: 20.042418, y: 10.421751}
      - {x: 19.971024, y: -18.297285}
      - {x: 19.9284, y: -18.501759}
      - {x: 19.48444, y: -19.086967}
      - {x: 18.742243, y: -19.51689}
      - {x: 17.177172, y: -19.969015}
      - {x: -16.69157, y: -20.010836}
      - {x: -17.478308, y: -19.912634}
      - {x: -18.435652, y: -19.635334}
      - {x: -19.00563, y: -19.366701}
      - {x: -19.728655, y: -18.820984}
      - {x: -19.938337, y: -18.20878}
      - {x: -20.146103, y: 0.16564672}
--- !u!61 &61217551630578574
BoxCollider2D:
  m_ObjectHideFlags: 1
  m_PrefabParentObject: {fileID: 0}
  m_PrefabInternal: {fileID: 100100000}
  m_GameObject: {fileID: 1926185823732864}
  m_Enabled: 1
  m_Density: 1
  m_Material: {fileID: 0}
  m_IsTrigger: 1
  m_UsedByEffector: 0
  m_Offset: {x: 0, y: 0}
  serializedVersion: 2
  m_Size: {x: 66.73, y: 42.65}
--- !u!61 &61880355986863668
BoxCollider2D:
  m_ObjectHideFlags: 1
  m_PrefabParentObject: {fileID: 0}
  m_PrefabInternal: {fileID: 100100000}
  m_GameObject: {fileID: 1764037091739646}
  m_Enabled: 1
  m_Density: 1
  m_Material: {fileID: 0}
  m_IsTrigger: 1
  m_UsedByEffector: 0
  m_Offset: {x: 0, y: 0}
  serializedVersion: 2
  m_Size: {x: 74.93, y: 6.16}
--- !u!114 &114263621554432194
MonoBehaviour:
  m_ObjectHideFlags: 1
  m_PrefabParentObject: {fileID: 0}
  m_PrefabInternal: {fileID: 100100000}
  m_GameObject: {fileID: 1926185823732864}
  m_Enabled: 1
  m_EditorHideFlags: 0
  m_Script: {fileID: 11500000, guid: 8a72d63bcf43e9e489665ee2c2b8521e, type: 3}
  m_Name: 
  m_EditorClassIdentifier: 
  rb2d: {fileID: 0}
  bc2d: {fileID: 0}
  bc2dChild: {fileID: 0}
  pc2d: {fileID: 0}
  startPosition: {x: 0, y: 0, z: 0}
  plank: {fileID: 224030070409146002}
--- !u!114 &114559098850147744
MonoBehaviour:
  m_ObjectHideFlags: 1
  m_PrefabParentObject: {fileID: 0}
  m_PrefabInternal: {fileID: 100100000}
  m_GameObject: {fileID: 1764037091739646}
  m_Enabled: 1
  m_EditorHideFlags: 0
  m_Script: {fileID: -765806418, guid: f70555f144d8491a825f0804e09c671c, type: 3}
  m_Name: 
  m_EditorClassIdentifier: 
  m_Material: {fileID: 0}
  m_Color: {r: 1, g: 1, b: 1, a: 1}
  m_RaycastTarget: 1
  m_OnCullStateChanged:
    m_PersistentCalls:
      m_Calls: []
    m_TypeName: UnityEngine.UI.MaskableGraphic+CullStateChangedEvent, UnityEngine.UI,
      Version=1.0.0.0, Culture=neutral, PublicKeyToken=null
  m_Sprite: {fileID: 21300000, guid: f32c1aab0397c7d4ca14168c2296049c, type: 3}
  m_Type: 0
  m_PreserveAspect: 0
  m_FillCenter: 1
  m_FillMethod: 4
  m_FillAmount: 1
  m_FillClockwise: 1
  m_FillOrigin: 0
--- !u!114 &114945150596990150
MonoBehaviour:
  m_ObjectHideFlags: 1
  m_PrefabParentObject: {fileID: 0}
  m_PrefabInternal: {fileID: 100100000}
  m_GameObject: {fileID: 1926185823732864}
  m_Enabled: 1
  m_EditorHideFlags: 0
  m_Script: {fileID: -765806418, guid: f70555f144d8491a825f0804e09c671c, type: 3}
  m_Name: 
  m_EditorClassIdentifier: 
  m_Material: {fileID: 0}
  m_Color: {r: 1, g: 1, b: 1, a: 1}
  m_RaycastTarget: 1
  m_OnCullStateChanged:
    m_PersistentCalls:
      m_Calls: []
    m_TypeName: UnityEngine.UI.MaskableGraphic+CullStateChangedEvent, UnityEngine.UI,
      Version=1.0.0.0, Culture=neutral, PublicKeyToken=null
  m_Sprite: {fileID: 21300000, guid: 3f00a1ded7f92c14aafaeeeaebc19adc, type: 3}
  m_Type: 0
  m_PreserveAspect: 0
  m_FillCenter: 1
  m_FillMethod: 4
  m_FillAmount: 1
  m_FillClockwise: 1
  m_FillOrigin: 0
--- !u!222 &222068528349896008
CanvasRenderer:
  m_ObjectHideFlags: 1
  m_PrefabParentObject: {fileID: 0}
  m_PrefabInternal: {fileID: 100100000}
  m_GameObject: {fileID: 1764037091739646}
--- !u!222 &222738517171949352
CanvasRenderer:
  m_ObjectHideFlags: 1
  m_PrefabParentObject: {fileID: 0}
  m_PrefabInternal: {fileID: 100100000}
  m_GameObject: {fileID: 1926185823732864}
--- !u!224 &224030070409146002
RectTransform:
  m_ObjectHideFlags: 1
  m_PrefabParentObject: {fileID: 0}
  m_PrefabInternal: {fileID: 100100000}
  m_GameObject: {fileID: 1764037091739646}
  m_LocalRotation: {x: -0, y: -0, z: -0, w: 1}
  m_LocalPosition: {x: 0, y: 0, z: 0}
  m_LocalScale: {x: 3.583336, y: 1, z: 1}
  m_Children: []
  m_Father: {fileID: 224059447455046974}
  m_RootOrder: 0
  m_LocalEulerAnglesHint: {x: 0, y: 0, z: 0}
  m_AnchorMin: {x: 0, y: 1}
  m_AnchorMax: {x: 0, y: 1}
  m_AnchoredPosition: {x: 19.767452, y: -6.666645}
  m_SizeDelta: {x: 75.6, y: 7.5}
  m_Pivot: {x: 0.5, y: 0.5}
--- !u!224 &224059447455046974
RectTransform:
  m_ObjectHideFlags: 1
  m_PrefabParentObject: {fileID: 0}
  m_PrefabInternal: {fileID: 100100000}
  m_GameObject: {fileID: 1926185823732864}
  m_LocalRotation: {x: -0, y: -0, z: -0, w: 1}
  m_LocalPosition: {x: 0, y: 0, z: -0.090795025}
  m_LocalScale: {x: 0.33, y: 0.3817951, z: 0.9092001}
  m_Children:
  - {fileID: 224030070409146002}
  m_Father: {fileID: 0}
  m_RootOrder: 0
  m_LocalEulerAnglesHint: {x: 0, y: 0, z: 0}
  m_AnchorMin: {x: 0, y: 0}
  m_AnchorMax: {x: 0, y: 0}
  m_AnchoredPosition: {x: 0, y: 0}
  m_SizeDelta: {x: 0, y: 0}
  m_Pivot: {x: 0.5, y: 0.5}
--- !u!225 &225564009987028004
CanvasGroup:
  m_ObjectHideFlags: 1
  m_PrefabParentObject: {fileID: 0}
  m_PrefabInternal: {fileID: 100100000}
  m_GameObject: {fileID: 1926185823732864}
  m_Enabled: 1
  m_Alpha: 1
  m_Interactable: 1
  m_BlocksRaycasts: 1
  m_IgnoreParentGroups: 0
--- !u!233 &233484060053470604
HingeJoint2D:
  m_ObjectHideFlags: 1
  m_PrefabParentObject: {fileID: 0}
  m_PrefabInternal: {fileID: 100100000}
  m_GameObject: {fileID: 1764037091739646}
  m_Enabled: 1
  serializedVersion: 4
  m_EnableCollision: 0
  m_ConnectedRigidBody: {fileID: 50283908812734604}
  m_BreakForce: Infinity
  m_BreakTorque: Infinity
  m_AutoConfigureConnectedAnchor: 0
  m_Anchor: {x: 0, y: 0}
  m_ConnectedAnchor: {x: -0.2325439, y: 13.333349}
  m_UseMotor: 1
  m_Motor:
    m_MotorSpeed: 0
    m_MaximumMotorForce: 10000
  m_UseLimits: 0
  m_AngleLimits:
    m_LowerAngle: 0
    m_UpperAngle: 359
