%YAML 1.1
%TAG !u! tag:unity3d.com,2011:
--- !u!1001 &100100000
Prefab:
  m_ObjectHideFlags: 1
  serializedVersion: 2
  m_Modification:
    m_TransformParent: {fileID: 0}
    m_Modifications: []
    m_RemovedComponents: []
  m_ParentPrefab: {fileID: 0}
  m_RootGameObject: {fileID: 1549418758388074}
  m_IsPrefabParent: 1
--- !u!1 &1549418758388074
GameObject:
  m_ObjectHideFlags: 0
  m_PrefabParentObject: {fileID: 0}
  m_PrefabInternal: {fileID: 100100000}
  serializedVersion: 5
  m_Component:
  - component: {fileID: 4925702010250750}
  - component: {fileID: 212970425394080766}
  - component: {fileID: 60493459631059288}
  - component: {fileID: 114078377601155978}
  m_Layer: 0
  m_Name: Cookie
  m_TagString: Untagged
  m_Icon: {fileID: 0}
  m_NavMeshLayer: 0
  m_StaticEditorFlags: 0
  m_IsActive: 1
--- !u!4 &4925702010250750
Transform:
  m_ObjectHideFlags: 1
  m_PrefabParentObject: {fileID: 0}
  m_PrefabInternal: {fileID: 100100000}
  m_GameObject: {fileID: 1549418758388074}
  m_LocalRotation: {x: -0, y: -0, z: -0, w: 1}
  m_LocalPosition: {x: -7.8599997, y: -1.58, z: 0}
  m_LocalScale: {x: 1, y: 1, z: 1}
  m_Children: []
  m_Father: {fileID: 0}
  m_RootOrder: 0
  m_LocalEulerAnglesHint: {x: 0, y: 0, z: 0}
--- !u!60 &60493459631059288
PolygonCollider2D:
  m_ObjectHideFlags: 1
  m_PrefabParentObject: {fileID: 0}
  m_PrefabInternal: {fileID: 100100000}
  m_GameObject: {fileID: 1549418758388074}
  m_Enabled: 1
  m_Density: 1
  m_Material: {fileID: 0}
  m_IsTrigger: 1
  m_UsedByEffector: 0
  m_Offset: {x: 0, y: 0}
  m_Points:
    m_Paths:
    - - {x: 0.69, y: -0.435}
      - {x: 0.71999997, y: -0.355}
      - {x: 0.71999997, y: -0.13499999}
      - {x: 0.7, y: 0.005}
      - {x: 0.66999996, y: 0.13499999}
      - {x: 0.65, y: 0.275}
      - {x: 0.59999996, y: 0.655}
      - {x: 0.55, y: 0.73499995}
      - {x: 0.48999998, y: 0.805}
      - {x: 0.44, y: 0.825}
      - {x: 0.16, y: 0.825}
      - {x: -0.089999996, y: 0.78499997}
      - {x: -0.29, y: 0.755}
      - {x: -0.55, y: 0.715}
      - {x: -0.63, y: 0.675}
      - {x: -0.69, y: 0.615}
      - {x: -0.74, y: 0.525}
      - {x: -0.74, y: 0.375}
      - {x: -0.72999996, y: 0.33499998}
      - {x: -0.62, y: -0.42499998}
      - {x: -0.61, y: -0.465}
      - {x: -0.57, y: -0.555}
      - {x: -0.45999998, y: -0.655}
      - {x: -0.41, y: -0.66499996}
      - {x: -0.32, y: -0.66499996}
      - {x: -0.17999999, y: -0.645}
      - {x: 0.42999998, y: -0.555}
      - {x: 0.53999996, y: -0.53499997}
      - {x: 0.61, y: -0.505}
--- !u!114 &114078377601155978
MonoBehaviour:
  m_ObjectHideFlags: 1
  m_PrefabParentObject: {fileID: 0}
  m_PrefabInternal: {fileID: 100100000}
  m_GameObject: {fileID: 1549418758388074}
  m_Enabled: 1
  m_EditorHideFlags: 0
  m_Script: {fileID: 11500000, guid: faab964d79573934db08839131e924bc, type: 3}
  m_Name: 
  m_EditorClassIdentifier: 
  points: 150
--- !u!212 &212970425394080766
SpriteRenderer:
  m_ObjectHideFlags: 1
  m_PrefabParentObject: {fileID: 0}
  m_PrefabInternal: {fileID: 100100000}
  m_GameObject: {fileID: 1549418758388074}
  m_Enabled: 1
  m_CastShadows: 0
  m_ReceiveShadows: 0
  m_MotionVectors: 1
  m_LightProbeUsage: 0
  m_ReflectionProbeUsage: 0
  m_Materials:
  - {fileID: 10754, guid: 0000000000000000f000000000000000, type: 0}
  m_StaticBatchInfo:
    firstSubMesh: 0
    subMeshCount: 0
  m_StaticBatchRoot: {fileID: 0}
  m_ProbeAnchor: {fileID: 0}
  m_LightProbeVolumeOverride: {fileID: 0}
  m_ScaleInLightmap: 1
  m_PreserveUVs: 0
  m_IgnoreNormalsForChartDetection: 0
  m_ImportantGI: 0
  m_SelectedEditorRenderState: 0
  m_MinimumChartSize: 4
  m_AutoUVMaxDistance: 0.5
  m_AutoUVMaxAngle: 89
  m_LightmapParameters: {fileID: 0}
  m_SortingLayerID: 0
  m_SortingOrder: 0
  m_Sprite: {fileID: 21300000, guid: 3bdb976879f1643c88a5a88047271deb, type: 3}
  m_Color: {r: 1, g: 1, b: 1, a: 1}
  m_FlipX: 0
  m_FlipY: 0
